<?xml version="1.0" encoding="utf-8"?>
<record xmlns="http://www.loc.gov/MARC21/slim" xmlns:xsi="http://www.w3.org/2001/XMLSchema-instance" xsi:schemaLocation="http://www.loc.gov/MARC21/slim http://www.loc.gov/standards/marcxml/schema/MARC21slim.xsd">
	<leader>
		02696nam a2200481   4500
	</leader>
	<controlfield tag="001">
		2597986
	</controlfield>
	<controlfield tag="003">
		NNC
	</controlfield>
	<controlfield tag="006">
		m        d        
	</controlfield>
	<controlfield tag="007">
		cr cn |||m|||a
	</controlfield>
	<controlfield tag="008">
		160104s1969    iq ach  ob    000 0 arar 
	</controlfield>
	<datafield ind1=" " ind2=" " tag="040">
		<subfield code="a">
			NNU
		</subfield>
		<subfield code="b">
			eng
		</subfield>
		<subfield code="e">
			rda
		</subfield>
		<subfield code="c">
			NNU
		</subfield>
	</datafield>
	<datafield ind1="0" ind2="4" tag="050">
		<subfield code="a">
			Z846.M346
		</subfield>
		<subfield code="b">
			J8
		</subfield>
	</datafield>
	<datafield ind1="1" ind2=" " tag="100">
		<subfield code="6">
			880-01
		</subfield>
		<subfield code="a">
			Jubūrī, ʻAbd Allāh.
		</subfield>
	</datafield>
	<datafield ind1="1" ind2="0" tag="245">
		<subfield code="6">
			880-02
		</subfield>
		<subfield code="a">
			Maktabat al-Awqāf al-ʻĀmmah :
		</subfield>
		<subfield code="b">
			tar̄īkhuhā wa-nawādir makhṭūṭātihā /
		</subfield>
		<subfield code="c">
			raʼlīf ʻAbd Allāh al-Jubūrī.
		</subfield>
	</datafield>
	<datafield ind1=" " ind2=" " tag="250">
		<subfield code="6">
			880-03
		</subfield>
		<subfield code="a">
			al-Ṭabʻah 1.
		</subfield>
	</datafield>
	<datafield ind1=" " ind2=" " tag="260">
		<subfield code="6">
			880-04
		</subfield>
		<subfield code="a">
			Baghdād :
		</subfield>
		<subfield code="b">
			Riʼāsat Dīwān al-Awqāf,
		</subfield>
		<subfield code="c">
			1969.
		</subfield>
	</datafield>
	<datafield ind1=" " ind2=" " tag="300">
		<subfield code="a">
			online resource (272 pages) :
		</subfield>
		<subfield code="b">
			illustrations, facsimiles, portraits
		</subfield>
	</datafield>
	<datafield ind1=" " ind2=" " tag="336">
		<subfield code="a">
			text
		</subfield>
		<subfield code="2">
			rdacontent
		</subfield>
	</datafield>
	<datafield ind1=" " ind2=" " tag="337">
		<subfield code="a">
			computer
		</subfield>
		<subfield code="2">
			rdamedia
		</subfield>
	</datafield>
	<datafield ind1=" " ind2=" " tag="338">
		<subfield code="a">
			online resource
		</subfield>
		<subfield code="2">
			rdacarrier
		</subfield>
	</datafield>
	<datafield ind1="1" ind2=" " tag="490">
		<subfield code="6">
			880-05
		</subfield>
		<subfield code="a">
			Manshūrāt Majallat al-Risālah al-Islāmīyah ;
		</subfield>
		<subfield code="v">
			2
		</subfield>
	</datafield>
	<datafield ind1=" " ind2=" " tag="500">
		<subfield code="a">
			Part of the Arabic Collections Online (ACO) project, contributed by Columbia University Libraries.
		</subfield>
	</datafield>
	<datafield ind1=" " ind2=" " tag="504">
		<subfield code="a">
			Includes bibliographical references.
		</subfield>
	</datafield>
	<datafield ind1=" " ind2=" " tag="533">
		<subfield code="a">
			Electronic reproduction.
		</subfield>
		<subfield code="b">
			New York, N.Y. :
		</subfield>
		<subfield code="c">
			New York University,
		</subfield>
		<subfield code="d">
			2016.
		</subfield>
		<subfield code="5">
			NNU
		</subfield>
	</datafield>
	<datafield ind1="2" ind2="0" tag="610">
		<subfield code="6">
			880-06
		</subfield>
		<subfield code="a">
			Maktabat al-Awqāf al-ʻĀmmah bi-Baghdād.
		</subfield>
	</datafield>
	<datafield ind1="2" ind2="7" tag="610">
		<subfield code="a">
			Maktabat al-Awqāf al-ʻĀmmah bi-Baghdād.
		</subfield>
		<subfield code="2">
			fast
		</subfield>
		<subfield code="0">
			(OCoLC)fst01664829
		</subfield>
	</datafield>
	<datafield ind1="2" ind2=" " tag="710">
		<subfield code="a">
			Columbia University.
		</subfield>
		<subfield code="b">
			Libraries.
		</subfield>
	</datafield>
	<datafield ind1="0" ind2=" " tag="730">
		<subfield code="a">
			Arabic Collections Online.
		</subfield>
	</datafield>
	<datafield ind1="0" ind2="8" tag="776">
		<subfield code="i">
			Online version:
		</subfield>
		<subfield code="a">
			Jubūrī, ʻAbd Allāh.
		</subfield>
		<subfield code="t">
			Maktabat al-Awqāf al-ʻĀmmah.
		</subfield>
		<subfield code="b">
			al-Ṭabʻah 1.
		</subfield>
		<subfield code="d">
			Baghdād : Riʼāsat Dīwān al-Awqāf, 1969
		</subfield>
		<subfield code="w">
			(OCoLC)577250809
		</subfield>
	</datafield>
	<datafield ind1="0" ind2="8" tag="776">
		<subfield code="i">
			Print version:
		</subfield>
		<subfield code="a">
			Jubūrī, ʻAbd Allāh.
		</subfield>
		<subfield code="t">
			Maktabat al-Awqāf al-ʻĀmmah
		</subfield>
		<subfield code="w">
			(NNC)2597986
		</subfield>
		<subfield code="w">
			(DLC)   73961834 
		</subfield>
		<subfield code="w">
			(OCoLC)19676740
		</subfield>
	</datafield>
	<datafield ind1=" " ind2="0" tag="830">
		<subfield code="6">
			880-07
		</subfield>
		<subfield code="a">
			Manshūrāt Majallat al-Risālah al-Islāmīyah ;
		</subfield>
		<subfield code="v">
			2.
		</subfield>
	</datafield>
	<datafield ind1="4" ind2="0" tag="856">
		<subfield code="u">
			http://hdl.handle.net/2333.1/9zw3r505
		</subfield>
	</datafield>
	<datafield ind1="4" ind2="0" tag="856">
		<subfield code="u">
			http://hdl.handle.net/2333.1/9zw3r505
		</subfield>
	</datafield>
	<datafield ind1="1" ind2=" " tag="880">
		<subfield code="6">
			100-01/r
		</subfield>
		<subfield code="a">
			جبوري، عبد الله.
		</subfield>
	</datafield>
	<datafield ind1="1" ind2="0" tag="880">
		<subfield code="6">
			245-02/r
		</subfield>
		<subfield code="a">
			مكتبة الأوقاف العامة :
		</subfield>
		<subfield code="b">
			تاريخها ونوادر مخطوطاتها /
		</subfield>
		<subfield code="c">
			تأليف عبد الله الجبوري.
		</subfield>
	</datafield>
	<datafield ind1=" " ind2=" " tag="880">
		<subfield code="6">
			250-03/r
		</subfield>
		<subfield code="a">
			الطبعة ١.
		</subfield>
	</datafield>
	<datafield ind1=" " ind2=" " tag="880">
		<subfield code="6">
			260-04/r
		</subfield>
		<subfield code="a">
			بغداد :
		</subfield>
		<subfield code="b">
			رئاسة ديوان الأوقاف،
		</subfield>
		<subfield code="c">
			١٩٦٩.
		</subfield>
	</datafield>
	<datafield ind1="1" ind2=" " tag="880">
		<subfield code="6">
			490-05/r
		</subfield>
		<subfield code="a">
			منشورات مجلة الرسالة الاسلامية ؛
		</subfield>
		<subfield code="v">
			2
		</subfield>
	</datafield>
	<datafield ind1="2" ind2="4" tag="880">
		<subfield code="6">
			610-06/r
		</subfield>
		<subfield code="a">
			مكتبة الاوقاف العامة ببغداد.
		</subfield>
	</datafield>
	<datafield ind1=" " ind2="0" tag="880">
		<subfield code="6">
			830-07/r
		</subfield>
		<subfield code="a">
			منشورات مجلة الرسالة الاسلامية ؛
		</subfield>
		<subfield code="v">
			2.
		</subfield>
	</datafield>
	<datafield ind1=" " ind2=" " tag="959">
		<subfield code="a">
			NNU
		</subfield>
		<subfield code="b">
			WEB
		</subfield>
		<subfield code="c">
			GENI
		</subfield>
		<subfield code="t">
			0
		</subfield>
		<subfield code="m">
			Electronic access
		</subfield>
		<subfield code="s">
			01
		</subfield>
	</datafield>
	<datafield ind1=" " ind2=" " tag="959">
		<subfield code="a">
			NNU
		</subfield>
		<subfield code="b">
			WEB
		</subfield>
		<subfield code="c">
			GENI
		</subfield>
		<subfield code="t">
			0
		</subfield>
		<subfield code="m">
			Electronic access
		</subfield>
		<subfield code="s">
			01
		</subfield>
	</datafield>
	<datafield ind1=" " ind2=" " tag="999">
		<subfield code="i">
			NNC_2597986
		</subfield>
		<subfield code="o">
			(OCoLC)ocm19676740
		</subfield>
		<subfield code="s">
			columbia_aco001269
		</subfield>
		<subfield code="e">
			(ERROR-SERIES)
		</subfield>
		<subfield code="s">
			columbia_aco001269
		</subfield>
	</datafield>
</record>
